# Fichero de bibliografía (escribir en UTF-8)

@Manual{Luque2017,
  title = {Escribir un Trabajo Fin de Estudios con R Markdown},
  author = {Pedro L. Luque-Calvo},
  year = "2017",
  howpublished = {Disponible en \url{http://destio.us.es/calvo}}
}

@Manual{Luque2019,
  title = {Cómo crear Tablas de información en R Markdown},
  author = {Pedro L. Luque-Calvo},
  year = "2019",
  howpublished = {Disponible en \url{http://destio.us.es/calvo}}
}

@Manual{R-base,
  title = {R: A Language and Environment for Statistical
    Computing},
  author = {{R Core Team}},
  organization = {R Foundation for Statistical Computing},
  address = {Vienna, Austria},
  year = {2016},
  url = {https://www.R-project.org/},
}


@book{Wickham2017,
	Author = {Hadley Wickham and Garrett Grolemund},
	Edition = {First Edition},
	Publisher = {O'Reilly},
	Title = {R for Data Science: Import, Tidy, Transform, Visualize, and Model Data},
	Year = {2017}
}

@ARTICLE {Example1999,
    author  = "Example, The",
    title   = "This is an exmaple article not cited in the text",
    journal = "Journal of Examples",
    year    = "1999",
    volume  = "4",
    number  = "2",
    pages   = "1-9"
}
@ARTICLE {Example2000,
    author  = "Example, Other",
    title   = "This is another exmaple article not cited in the text",
    journal = "Journal of Examples",
    year = "2000",
    volume  = "7",
    number  = "1",
    pages   = "28-32"
}
@ARTICLE {Author2016,
    author  = "Author, The",
    title   = "This is an example article with a very boring name",
    journal = "Journal of Examples",
    year = "2016",
    volume  = "9",
    number  = "2",
    pages   = "67-70"
}
@ARTICLE {Blabla2010,
    author  = "Blabla, Bla",
    title   = "It is raining outside",
    journal = "Journal of Examples",
    year = "2010",
    volume  = "4",
    number  = "1",
    pages   = "90-97"
}
@ARTICLE {Author2013,
    author  = "Author, Another",
    title   = "Another example article with a title",
    journal = "Journal of Examples",
    year = "2013",
    volume  = "2",
    number  = "1",
    pages   = "21-23"
}

@Misc{Techopedia,
  title = {"Definition - What does Business Intelligence (BI) mean?"},
  author = {Techopedia},
  year = "2017",
  howpublished = {Disponible en \url{https://www.techopedia.com/definition/345/business-intelligence-bi}}
}

@Manual{Pentaho2,
  title = {¿Qué es pentaho?},
  author = {Gravitar, Información sin límites},
  year = "2013",
  howpublished = {Disponible en \url{http://gravitar.biz/pentaho/}, version 1.6.0}
}

@Manual{RStudio,
  title = {RStudio: Integrated Development Environment for R},
  author = {{RStudio Team}},
  organization = {RStudio, Inc.},
  address = {Boston, MA},
  year = {2015},
  url = {http://www.rstudio.com/}
}


@article{royston1992,
  title={Approximating the Shapiro-Wilk W-test for non-normality},
  author={Royston, Patrick},
  journal={Statistics and computing},
  volume={2},
  pages={117--119},
  year={1992},
  publisher={Springer}
}

@article{ripley2013package,
  title={Package ‘mass’},
  author={Ripley, Brian and Venables, Bill and Bates, Douglas M and Hornik, Kurt and Gebhardt, Albrecht and Firth, David and Ripley, Maintainer Brian},
  journal={Cran r},
  volume={538},
  pages={113--120},
  year={2013}
}



@article{hotelling1931generalization,
  title={The Generalization of Student's Ratio},
  author={Hotelling, H},
  journal={Annals of Mathematical Statistics},
  volume={2},
  number={3},
  pages={360--378},
  year={1931},
  publisher={Institute of Mathematical Statistics}
}

@book{johnson2007applied,
  title={Applied Multivariate Statistical Analysis},
  author={Johnson, Richard A and Wichern, Dean W},
  year={2007},
  edition={6th},
  publisher={Prentice Hall}
}

@book{mardia1979multivariate,
  title={Multivariate Analysis},
  author={Mardia, Kanti V and Kent, John T and Bibby, John M},
  year={1979},
  publisher={Academic Press}
}


@manual{R-hotelling-test,
  title={R Documentation: Hotelling Test},
  author={Luna, Alexander and Tran, Linh N.},
  year={2023},
  note={R package version 2.50.0},
  url={https://rdrr.io/cran/multtest/man/hotelling.test.html},
}





