@book{libro1,
		title="Modelos Y Técnicas De Análisis Del Rendimiento Académico",
		author="Garanto, Jesus and  Mateo, Juan and Rodríguez, Sebastián",
		year="2002",
		publisher="Dialnet"
}

@book{AppliedMultiv2007,
	title="Applications of Multivariate Technique",
	author="Jhonson, Richard And Wichern, Dean",
	year="2007",
	publisher="Pearson Education"
}

@Manual{RStudio,
  title = {RStudio: Integrated Development Environment for R},
  author = {{RStudio Team}},
  organization = {RStudio, Inc.},
  address = {Boston, MA},
  year = {2015},
  url = {http://www.rstudio.com/}
}

@Manual{Luque2017,
  title = {Escribir un Trabajo Fin de Estudios con R Markdown},
  author = {Pedro L. Luque-Calvo},
  year = "2017",
  howpublished = {Disponible en \url{http://destio.us.es/calvo}}
}


@Manual{icfes_glosario,
  title = {Instituto Colombiano para la Evaluación de la Educación ICFES. Glosario de Competencias},
  author = {ICFES, Colombia},
  year = "2016",
  howpublished = {Disponible en \url{http://www.icfes.gov.co/atencion-al-ciudadano/glosario/6-competencias}}
}


@Misc{icfes2,
  title = {Instituto Colombiano para la Evaluación de la Educación ICFES. Guía de orientación. Módulo de Pensamiento científico Ciencias físicas 2016-2},
  author = {ICFES, Colombia},
  year = "2016"
}

Instituto Colombiano para la Evaluación de la Educación -ICFES-. (2017a). . Obtenido de 

@Manual{icfes3,
  title = {Instituto Colombiano para la Evaluación de la Educación ICFES. Estructura general del examen Saber Pro},
  author = {ICFES, Colombia},
  year = "2017",
  howpublished = {Disponible en \url{http://www2.icfes.gov.co/terminos-de-uso/itemlist/category/277-estructura-general-del-examen-saber-pro}}
}

@Manual{icfes4,
  title = {Instituto Colombiano para la Evaluación de la Educación ICFES. Módulo de Resultados del examen Saber Pro},
  author = {ICFES, Colombia},
  year = "2023",
  howpublished = {Disponible en \url{https://www.icfes.gov.co/web/guest/resultados-examen-saber-11}}
}



@article{2020covid,
  title={Die COVID-19-Pandemie als Herausforderung f{\"u}r die psychische Gesundheit},
  author={Brakemeier, Eva-Lotta and Wirkner, Janine and Knaevelsrud, Christine and Wurm, Susanne and Christiansen, Hanna and Lueken, Ulrike and Schneider, Silvia},
  journal={Zeitschrift f{\"u}r Klinische Psychologie und Psychotherapie},
  year={2020},
  publisher={Hogrefe Verlag}
}



