@Manual{R-base,
  title = {R: A Language and Environment for Statistical
    Computing},
  author = {{R Core Team}},
  organization = {R Foundation for Statistical Computing},
  address = {Vienna, Austria},
  year = {2023},
  url = {https://www.R-project.org/},
}

@Manual{R-car,
  title = {car: Companion to Applied Regression},
  author = {John Fox and Sanford Weisberg and Brad Price},
  year = {2023},
  note = {R package version 3.1-2,
    https://CRAN.R-project.org/package=car},
  url = {https://r-forge.r-project.org/projects/car/},
}

@Manual{R-carData,
  title = {carData: Companion to Applied Regression Data
    Sets},
  author = {John Fox and Sanford Weisberg and Brad Price},
  year = {2022},
  note = {R package version 3.0-5,
    https://CRAN.R-project.org/package=carData},
  url = {https://r-forge.r-project.org/projects/car/},
}

@Manual{R-dplyr,
  title = {dplyr: A Grammar of Data Manipulation},
  author = {Hadley Wickham and Romain François and Lionel
    Henry and Kirill Müller and Davis Vaughan},
  year = {2023},
  note = {R package version 1.1.4},
  url = {https://dplyr.tidyverse.org},
}

@Manual{R-exams,
  title = {exams: Automatic Generation of Exams in R},
  author = {Achim Zeileis and Bettina Gruen and Friedrich
    Leisch and Nikolaus Umlauf},
  year = {2022},
  note = {R package version 2.4-0},
  url = {https://www.R-exams.org/},
}

@Manual{R-forcats,
  title = {forcats: Tools for Working with Categorical
    Variables (Factors)},
  author = {Hadley Wickham},
  year = {2023},
  note = {R package version 1.0.0,
    https://github.com/tidyverse/forcats},
  url = {https://forcats.tidyverse.org/},
}

@Manual{R-ggplot2,
  title = {ggplot2: Create Elegant Data Visualisations
    Using the Grammar of Graphics},
  author = {Hadley Wickham and Winston Chang and Lionel
    Henry and Thomas Lin Pedersen and Kohske Takahashi and
    Claus Wilke and Kara Woo and Hiroaki Yutani and Dewey
    Dunnington},
  year = {2023},
  note = {R package version 3.4.4,
    https://github.com/tidyverse/ggplot2},
  url = {https://ggplot2.tidyverse.org},
}

@Manual{R-knitr,
  title = {knitr: A General-Purpose Package for Dynamic
    Report Generation in R},
  author = {Yihui Xie},
  year = {2023},
  note = {R package version 1.45},
  url = {https://yihui.org/knitr/},
}


@Manual{R-lubridate,
  title = {lubridate: Make Dealing with Dates a Little
    Easier},
  author = {Vitalie Spinu and Garrett Grolemund and Hadley
    Wickham},
  year = {2023},
  note = {R package version 1.9.3,
    https://github.com/tidyverse/lubridate},
  url = {https://lubridate.tidyverse.org},
}

@Manual{R-magrittr,
  title = {magrittr: A Forward-Pipe Operator for R},
  author = {Stefan Milton Bache and Hadley Wickham},
  year = {2022},
  note = {R package version 2.0.3,
    https://github.com/tidyverse/magrittr},
  url = {https://magrittr.tidyverse.org},
}

@Manual{R-MASS,
  title = {MASS: Support Functions and Datasets for
    Venables and Ripley's MASS},
  author = {Brian Ripley},
  year = {2023},
  note = {R package version 7.3-60},
  url = {http://www.stats.ox.ac.uk/pub/MASS4/},
}

@Manual{R-pacman,
  title = {pacman: Package Management Tool},
  author = {Tyler Rinker and Dason Kurkiewicz},
  year = {2019},
  note = {R package version 0.5.1},
  url = {https://github.com/trinker/pacman},
}

@Manual{R-purrr,
  title = {purrr: Functional Programming Tools},
  author = {Hadley Wickham and Lionel Henry},
  year = {2023},
  note = {R package version 1.0.2},
  url = {https://purrr.tidyverse.org/},
}

@Manual{R-readr,
  title = {readr: Read Rectangular Text Data},
  author = {Hadley Wickham and Jim Hester and Jennifer
    Bryan},
  year = {2024},
  note = {R package version 2.1.5},
  url = {https://readr.tidyverse.org},
}

@Manual{R-rmarkdown,
  title = {rmarkdown: Dynamic Documents for R},
  author = {JJ Allaire and Yihui Xie and Christophe
    Dervieux and Jonathan McPherson and Javier Luraschi and
    Kevin Ushey and Aron Atkins and Hadley Wickham and Joe
    Cheng and Winston Chang and Richard Iannone},
  year = {2023},
  note = {R package version 2.25,
    https://pkgs.rstudio.com/rmarkdown/},
  url = {https://github.com/rstudio/rmarkdown},
}


@Manual{R-stringr,
  title = {stringr: Simple, Consistent Wrappers for Common
    String Operations},
  author = {Hadley Wickham},
  year = {2023},
  note = {R package version 1.5.1,
    https://github.com/tidyverse/stringr},
  url = {https://stringr.tidyverse.org},
}

@Manual{R-tibble,
  title = {tibble: Simple Data Frames},
  author = {Kirill Müller and Hadley Wickham},
  year = {2023},
  note = {R package version 3.2.1},
  url = {https://tibble.tidyverse.org/},
}

@Manual{R-tidyr,
  title = {tidyr: Tidy Messy Data},
  author = {Hadley Wickham and Davis Vaughan and Maximilian
    Girlich},
  year = {2024},
  note = {R package version 1.3.1},
  url = {https://tidyr.tidyverse.org},
}

@Manual{R-tidyverse,
  title = {tidyverse: Easily Install and Load the
    Tidyverse},
  author = {Hadley Wickham},
  year = {2023},
  note = {R package version 2.0.0,
    https://github.com/tidyverse/tidyverse},
  url = {https://tidyverse.tidyverse.org},
}

@Manual{R-vctrs,
  title = {vctrs: Vector Helpers},
  author = {Hadley Wickham and Lionel Henry and Davis
    Vaughan},
  year = {2023},
  note = {R package version 0.6.5},
  url = {https://vctrs.r-lib.org/},
}

@Book{car2019,
  title = {An {R} Companion to Applied Regression},
  edition = {Third},
  author = {John Fox and Sanford Weisberg},
  year = {2019},
  publisher = {Sage},
  address = {Thousand Oaks {CA}},
  url =
    {https://socialsciences.mcmaster.ca/jfox/Books/Companion/},
}

@Article{exams2009,
  title = {Automatic Generation of Exams in {R}},
  author = {Bettina Gr\"un and Achim Zeileis},
  journal = {Journal of Statistical Software},
  year = {2009},
  volume = {29},
  number = {10},
  pages = {1--14},
  doi = {10.18637/jss.v029.i10},
}

@Article{exams2014,
  title = {Flexible Generation of E-Learning Exams in {R}:
    {Moodle} Quizzes, {OLAT} Assessments, and Beyond},
  author = {Achim Zeileis and Nikolaus Umlauf and Friedrich
    Leisch},
  journal = {Journal of Statistical Software},
  year = {2014},
  volume = {58},
  number = {1},
  pages = {1--36},
  doi = {10.18637/jss.v058.i01},
}

@Book{ggplot22016,
  author = {Hadley Wickham},
  title = {ggplot2: Elegant Graphics for Data Analysis},
  publisher = {Springer-Verlag New York},
  year = {2016},
  isbn = {978-3-319-24277-4},
  url = {https://ggplot2.tidyverse.org},
}

@Book{knitr2015,
  title = {Dynamic Documents with {R} and knitr},
  author = {Yihui Xie},
  publisher = {Chapman and Hall/CRC},
  address = {Boca Raton, Florida},
  year = {2015},
  edition = {2nd},
  note = {ISBN 978-1498716963},
  url = {https://yihui.org/knitr/},
}

@InCollection{knitr2014,
  booktitle = {Implementing Reproducible Computational
    Research},
  editor = {Victoria Stodden and Friedrich Leisch and Roger
    D. Peng},
  title = {knitr: A Comprehensive Tool for Reproducible
    Research in {R}},
  author = {Yihui Xie},
  publisher = {Chapman and Hall/CRC},
  year = {2014},
  note = {ISBN 978-1466561595},
}

@Article{lubridate2011,
  title = {Dates and Times Made Easy with {lubridate}},
  author = {Garrett Grolemund and Hadley Wickham},
  journal = {Journal of Statistical Software},
  year = {2011},
  volume = {40},
  number = {3},
  pages = {1--25},
  url = {https://www.jstatsoft.org/v40/i03/},
}

@Book{MASS2002,
  title = {Modern Applied Statistics with S},
  author = {W. N. Venables and B. D. Ripley},
  publisher = {Springer},
  edition = {Fourth},
  address = {New York},
  year = {2002},
  note = {ISBN 0-387-95457-0},
  url = {https://www.stats.ox.ac.uk/pub/MASS4/},
}

@Manual{pacman2018,
  title = {{pacman}: {P}ackage Management for {R}},
  author = {Tyler W. Rinker and Dason Kurkiewicz},
  address = {Buffalo, New York},
  note = {version 0.5.0},
  year = {2018},
  url = {http://github.com/trinker/pacman},
}

@Book{rmarkdown2018,
  title = {R Markdown: The Definitive Guide},
  author = {Yihui Xie and J.J. Allaire and Garrett
    Grolemund},
  publisher = {Chapman and Hall/CRC},
  address = {Boca Raton, Florida},
  year = {2018},
  isbn = {9781138359338},
  url = {https://bookdown.org/yihui/rmarkdown},
}

@Book{rmarkdown2020,
  title = {R Markdown Cookbook},
  author = {Yihui Xie and Christophe Dervieux and Emily
    Riederer},
  publisher = {Chapman and Hall/CRC},
  address = {Boca Raton, Florida},
  year = {2020},
  isbn = {9780367563837},
  url = {https://bookdown.org/yihui/rmarkdown-cookbook},
}

@Article{rsm2009,
  title = {Response-Surface Methods in {R}, Using {rsm}},
  author = {Russell Lenth},
  journal = {Journal of Statistical Software},
  year = {2009},
  volume = {32},
  number = {7},
  pages = {1--17},
  doi = {10.18637/jss.v032.i07},
}

@Article{tidyverse2019,
  title = {Welcome to the {tidyverse}},
  author = {Hadley Wickham and Mara Averick and Jennifer
    Bryan and Winston Chang and Lucy D'Agostino McGowan and
    Romain François and Garrett Grolemund and Alex Hayes
    and Lionel Henry and Jim Hester and Max Kuhn and Thomas
    Lin Pedersen and Evan Miller and Stephan Milton Bache
    and Kirill Müller and Jeroen Ooms and David Robinson
    and Dana Paige Seidel and Vitalie Spinu and Kohske
    Takahashi and Davis Vaughan and Claus Wilke and Kara
    Woo and Hiroaki Yutani},
  year = {2019},
  journal = {Journal of Open Source Software},
  volume = {4},
  number = {43},
  pages = {1686},
  doi = {10.21105/joss.01686},
}

