@book{libro1,
		title="Modelos Y Técnicas De Análisis Del Rendimiento Académico",
		author="Garanto, Jesus and  Mateo, Juan and Rodríguez, Sebastián",
		year="2002",
		publisher="Dialnet"
}

@book{AppliedMultiv2007,
	title="Applications of Multivariate Technique",
	author="Jhonson, Richard And Wichern, Dean",
	year="2007",
	publisher="Pearson Education"
}

@Manual{RStudio,
  title = {RStudio: Integrated Development Environment for R},
  author = {{RStudio Team}},
  organization = {RStudio, Inc.},
  address = {Boston, MA},
  year = {2015},
  url = {http://www.rstudio.com/}
}

@Manual{Luque2017,
  title = {Escribir un Trabajo Fin de Estudios con R Markdown},
  author = {Pedro L. Luque-Calvo},
  year = "2017",
  howpublished = {Disponible en \url{http://destio.us.es/calvo}}
}